@inproceedings{guelbert2009etal,
author={Uelbert, M. and Guelbert, T. F. and Merino, E. A. D. and Leszczynski, S. A. C. and Guerra, J. C. C.},
title={Gestão Estratégica da Manufatura para médias empresas},
booktitle={XXIX ENCONTRO NACIONAL DE ENGENHARIA DE PRODUÇÃO},
year={2009}}
@inproceedings{jaeger2014etal,
author={Jaeger, A. and Matyas, K. and Sihn, W.},
title={Development of an assessment framework for Operations Excellence (OsE), based on the paradigm change in Operational Excellence (OE)},
booktitle={Procedia CIRP},
volume={17},
pages={487--492},
year={2014}}
@inproceedings{ivanov2014etal,
author={Ivanov, Cristian-Ionu{\c{t}} and Avasilc{\u{a}}i, Silvia},
title={Performance measurement models: an analysis for measuring innovation processes performance},
booktitle={Procedia-Social and Behavioral Sciences},
volume={124},
pages={397--404},
year={2014}}
@article{katzenbach1999,
author={Katzenbach, Jon},
title={A disciplina das equipes},
journal={HSM Management},
address={São Paulo},
number={17},
pages={56--60},
year={1999}}
@article{crowder2012etal,
title={The development of an agent-based modeling framework for simulating engineering team work},
author={Crowder, Richard M. and Robinson, Mark A. and Hughes, Helen PN and Sim, Yee-Wai},
journal={IEEE Transactions on Systems, Man, and Cybernetics-Part A: Systems and Humans},
volume={42},
number={6},
pages={1425--1439},
year={2012},
publisher={IEEE}}
@article{tsiotras2014,
author={Vrellas, Charisis G. and Tsiotras, George D.},
title={Operational Excellence in the Greek Brewing Industry},
journal={Global Business and Organizational Excellence},
volume={33},
number={2},
publisher={Wiley Subscription Services, Inc., A Wiley Company},
pages={31--38},
year={2014}}
@article{taveira2008,
title={Key elements on team achievement: A retrospective analysis},
author={Taveira, Alvaro D.},
journal={Applied ergonomics},
volume={39},
number={4},
pages={509--518},
year={2008},
publisher={Elsevier}}

@book{katzenbach1994etal,
author={Katzenbach, Jon R.; Smith, Douglas K.},
title={A força e o poder das equipes},
address={São Paulo},
publisher={Makron},
year={1994}}
